<?xml version="1.0" encoding="UTF-8"?><collection xmlns="http://www.loc.gov/MARC21/slim"><record><leader>00596nam--2200181-i-4500</leader><controlfield tag="001">000039735</controlfield><controlfield tag="002">20161230</controlfield><controlfield tag="005">20161230201042</controlfield><controlfield tag="008">060222s1000------------r-----000-0-eng-d</controlfield><datafield ind1=" " ind2=" " tag="020"><subfield code="a">0824763300</subfield></datafield><datafield ind1=" " ind2=" " tag="040"><subfield code="a">IFIN-HH</subfield></datafield><datafield ind1=" " ind2=" " tag="080"><subfield code="a">548.5:539.2:538.9</subfield></datafield><datafield ind1="1" ind2=" " tag="100"><subfield code="a">Wilcox, William R</subfield></datafield><datafield ind1="1" ind2="0" tag="245"><subfield code="a">Preparation and properties of solid state materials. vol. 2. chemical vapor transport, secondary nucleation, and mass transfer in crystal growth</subfield><subfield code="c">William r. wilcox (ed.)</subfield></datafield><datafield ind1=" " ind2=" " tag="260"><subfield code="a">New York</subfield><subfield code="b">Marcel Dekker, Inc</subfield><subfield code="c">1976</subfield></datafield><datafield ind1=" " ind2=" " tag="300"><subfield code="a">XI+173P</subfield></datafield><datafield ind1=" " ind2=" " tag="852"><subfield code="a">36020</subfield><subfield code="c">539.2</subfield></datafield><datafield ind1=" " ind2=" " tag="CAT"><subfield code="a">Sys</subfield><subfield code="c">20121019</subfield><subfield code="h">133451</subfield></datafield></record></collection>